@book{mitchell1997machine,
  title={Machine learning},
  author={Mitchell, Tom M},
  year={1997},
  publisher={McGraw Hill},
  url={https://www.cs.cmu.edu/~tom/mlbook.html}
}

@article{quinlan1986induction,
  title={Induction of decision trees},
  author={Quinlan, J. Ross},
  journal={Machine learning},
  volume={1},
  pages={81--106},
  year={1986},
  publisher={Springer}
}